@webpage{RPMFileFormat,
  key =          "RPMFileFormat",
  author =       "Edward C. Bailey and Paul Nasrat and Matthias Saou and Ville Skyttä",
  title =        "Maximum RPM: Taking the RPM Package Manager to the Limit",
  howpublished = "online",
  year =         "2000",
  url =          "http://ftp.rpm.org/max-rpm/s1-rpm-file-format-rpm-file-format.html",
  cited =        "2022-01-25"
}

@webpage{RPMRepository,
  key =          "RPMRepository",
  title =        "createrepo",
  howpublished = "online",
  year =         "2013",
  url =          "http://createrepo.baseurl.org/wiki.html",
  cited =        "2022-01-25"
}

@webpage{RPMPackageManager,
  key =          "RPMPackageManager",
  title =        "rpm.org - RPM Reference Manual",
  howpublished = "online",
  year =         "2021",
  url =          "https://rpm-software-management.github.io/rpm/manual/",
  cited =        "2022-01-25"
}

@webpage{YUMPackageManager,
  key =          "YUMPackageManager",
  title =        "yum",
  howpublished = "online",
  year =         "2018",
  url =          "http://yum.baseurl.org/",
  cited =        "2022-02-09"
}

@webpage{DNFPackageManager,
  key =          "DNFPackageManager",
  title =        "DNF, the next-generation replacement for YUM",
  howpublished = "online",
  year =         "2022",
  url =          "https://dnf.readthedocs.io/en/latest/",
  cited =        "2022-01-25"
}

@webpage{XMLFormat,
  key =          "XMLFormat",
  author =       "Tim Bray and Jean Paoli and and C. M. Sperberg-McQueen and Eve Maler and François Yergeau",
  title =        "Extensible Markup Language (XML) 1.0 (Fifth Edition)",
  howpublished = "online",
  year =         "2008",
  url =          "https://www.w3.org/TR/xml/",
  cited =        "2022-01-25"
}

@webpage{JSONFormat,
  key =          "JSONFormat",
  author =       "T. Bray",
  title =        "RFC 8259 - The JavaScript Object Notation (JSON) Data Interchange Format",
  howpublished = "online",
  year =         "2017",
  url =          "https://datatracker.ietf.org/doc/html/rfc8259",
  cited =        "2022-01-26"
}

@webpage{YAMLFormat,
  key =          "YAMLFormat",
  author =       "Oren Ben-Kiki and Clark Evans and Ingy döt Net",
  title =        "YAML Ain’t Markup Language (YAML™) revision 1.2.2",
  howpublished = "online",
  year =         "2009",
  url =          "https://yaml.org/spec/1.2.2/",
  cited =        "2022-01-26"
}

@webpage{PickleFormat,
  key =          "PickleFormat",
  title =        "pickle - Python object serialization",
  howpublished = "online",
  year =         "2022",
  url =          "https://docs.python.org/3/library/pickle.html",
  cited =        "2022-01-26"
}

@webpage{SQL,
  key =          "SQL",
  title =        "Query Language Understood by SQLite",
  howpublished = "online",
  year =         "2022",
  url =          "https://www.sqlite.org/lang.html",
  cited =        "2022-01-26"
}

@webpage{GraphQL,
  key =          "GraphQL",
  title =        "GraphQL",
  howpublished = "online",
  year =         "2021",
  url =          "https://spec.graphql.org/October2021/",
  cited =        "2022-01-26"
}

@webpage{orphans,
  key =          "orphans",
  title =        "Tree - releng - Pagure.io",
  howpublished = "online",
  year =         "2022",
  url =          "https://pagure.io/releng/blob/main/f/scripts/find_unblocked_orphans.py",
  cited =        "2022-04-16"
}

@webpage{networkx,
  key =          "networkx",
  title =        "NetworkX — NetworkX  documentation",
  howpublished = "online",
  year =         "2022",
  url =          "https://networkx.org/",
  cited =        "2022-04-16"
}

@webpage{configparser,
  key =               "configparser",
  title =             "configparser — Configuration file parser — Python 3.10.4 documentation",
  howpublished =      "online",
  year =              "2022",
  url =               "https://docs.python.org/3/library/configparser.html",
  cited =             "2022-04-16"
}

@webpage{unittest,
  key =          "unittest",
  title =        "unittest — Unit testing framework — Python 3.10.4 documentation",
  howpublished = "online",
  year =         "2022",
  url =          "https://docs.python.org/3/library/unittest.html",
  cited =        "2022-04-16"
}

@webpage{pip,
  key =          "pip",
  title =        "pip · PyPI",
  howpublished = "online",
  year =         "2022",
  url =          "https://pypi.org/project/pip/",
  cited =        "2022-04-16"
}
